<?xml version="1.0" encoding="UTF-8"?><collection xmlns="http://www.loc.gov/MARC21/slim"><record><leader>00306nam--2200121-i-4500</leader><controlfield tag="001">000003927</controlfield><controlfield tag="002">20161230</controlfield><controlfield tag="005">20161230201025</controlfield><controlfield tag="008">060222s1000------------r-----000-0-eng-d</controlfield><datafield ind1=" " ind2=" " tag="080"><subfield code="a">614.8</subfield></datafield><datafield ind1=" " ind2=" " tag="245"><subfield code="a">Calauza mecanicului auto privind tehnica securitatii</subfield></datafield><datafield ind1=" " ind2=" " tag="260"><subfield code="a">Bucuresti,I.D.T.,/F.A./ 7 P</subfield></datafield><datafield ind1=" " ind2=" " tag="852"><subfield code="a">26851</subfield></datafield></record></collection>